<record><leader>00000cas a2200000 a 4500</leader><controlfield tag="001">34298478</controlfield><controlfield tag="008">960301d19791984fludr ne      0    0eng c</controlfield><datafield ind1=" " ind2=" " tag="010"><subfield code="a">sn 96027196 </subfield></datafield><datafield ind1=" " ind2=" " tag="040"><subfield code="a">FUG</subfield><subfield code="b">eng</subfield><subfield code="c">FUG</subfield><subfield code="d">OCLCQ</subfield><subfield code="d">OCLCF</subfield><subfield code="d">OCLCO</subfield></datafield><datafield ind1=" " ind2=" " tag="012"><subfield code="i">9603</subfield></datafield><datafield ind1="1" ind2=" " tag="029"><subfield code="a">AU@</subfield><subfield code="b">000025919705</subfield></datafield><datafield ind1=" " ind2=" " tag="042"><subfield code="a">pcc</subfield></datafield><datafield ind1=" " ind2=" " tag="043"><subfield code="a">n-us-fl</subfield></datafield><datafield ind1="0" ind2=" " tag="130"><subfield code="a">Post (West Palm Beach, Fla.)</subfield></datafield><datafield ind1="1" ind2="4" tag="245"><subfield code="a">The post.</subfield></datafield><datafield ind1="1" ind2="3" tag="246"><subfield code="a">Palm Beach post</subfield></datafield><datafield ind1=" " ind2=" " tag="260"><subfield code="a">West Palm Beach, Fla. :</subfield><subfield code="b">Palm Beach Newspapers,</subfield><subfield code="c">1979-1984.</subfield></datafield><datafield ind1=" " ind2=" " tag="300"><subfield code="a">v.</subfield></datafield><datafield ind1=" " ind2=" " tag="310"><subfield code="a">Daily</subfield></datafield><datafield ind1="0" ind2=" " tag="362"><subfield code="a">Vol. 71, no. 221 (Dec. 17, 1979)- ; -v. 17, no. 46 (July 7, 1984).</subfield></datafield><datafield ind1=" " ind2=" " tag="500"><subfield code="a">Published in multiple editions.</subfield></datafield><datafield ind1=" " ind2=" " tag="515"><subfield code="a">Saturday issues have a different numbering system.</subfield></datafield><datafield ind1=" " ind2="0" tag="651"><subfield code="a">West Palm Beach (Fla.)</subfield><subfield code="v">Newspapers.</subfield></datafield><datafield ind1=" " ind2="0" tag="651"><subfield code="a">Palm Beach County (Fla.)</subfield><subfield code="v">Newspapers.</subfield></datafield><datafield ind1=" " ind2="7" tag="655"><subfield code="a">Newspapers.</subfield><subfield code="2">fast</subfield><subfield code="0">(OCoLC)fst01423814</subfield></datafield><datafield ind1=" " ind2="7" tag="651"><subfield code="a">Florida</subfield><subfield code="z">Palm Beach County.</subfield><subfield code="2">fast</subfield><subfield code="0">(OCoLC)fst01205639</subfield></datafield><datafield ind1=" " ind2="7" tag="651"><subfield code="a">Florida</subfield><subfield code="z">West Palm Beach.</subfield><subfield code="2">fast</subfield><subfield code="0">(OCoLC)fst01202776</subfield></datafield><datafield ind1=" " ind2=" " tag="752"><subfield code="a">United States</subfield><subfield code="b">Florida</subfield><subfield code="c">Palm Beach</subfield><subfield code="d">West Palm Beach.</subfield></datafield><datafield ind1="0" ind2="0" tag="780"><subfield code="t">Palm Beach post (West Palm Beach, Fla. : 1916)</subfield><subfield code="w">(DLC)sn 84027623</subfield><subfield code="w">(OCoLC)11319156</subfield></datafield><datafield ind1="0" ind2="0" tag="785"><subfield code="t">Palm Beach post (West Palm Beach, Fla. : 1984)</subfield><subfield code="w">(DLC)sn 96027197</subfield><subfield code="w">(OCoLC)34298480</subfield></datafield><datafield ind1=" " ind2=" " tag="850"><subfield code="a">FU</subfield></datafield></record>